@misc{ eswiki:131649196,
       author = "Wikipedia",
       title = "Definición de Gimbal",
       url = "https://es.wikipedia.org/w/index.php?title=Suspensi%C3%B3n_card%C3%A1n&oldid=131649196",
}

@misc{ eswiki:119169170,
       author = "Wikipedia",
       title = "Definición del bloqueo de Gimbal",
       url = "https://es.wikipedia.org/w/index.php?title=Bloqueo_del_card%C3%A1n&oldid=119169170",
}

@misc{ diapos,
    key="Diapositivas",
    title= "Diapositivas {Tema} 4. {Ventajas} y desventajas de usar canales y poses."
}

@misc{ explicacion,
    key="Explicación",
    title = "Explicación del tema 4 del 24 de abril",
    note = "Obtención de los canales de un objeto, interpolación por defecto de 3ds Max, información de un fotograma clave, ejemplo de sistema de referencia, ejemplo del bloqueo de gimbal y código del script. {Entre} otros."
}