  @misc{ enwiki:1153684109,
    author = "{Wikipedia contributors}",
    title = "BÃ©zier curve --- {Wikipedia}{,} The Free Encyclopedia",
    howpublished = "\url{https://en.wikipedia.org/w/index.php?title=B%C3%A9zier_curve&oldid=1153684109}",
  }