@misc { diapos,
    key = "Diapositivas del tema 5",
    title = "Diapositivas del tema 5. {Ejemplo} visual para el uso de menos huesos y fotos del enunciado de los ejercicios."
}

@online{ muelle,
    key = "Muelle",
    title = "Imagen de un muelle comprimido y sin comprimir.",
    url = "https://www.springmakers.net/es/muelles-standard/58149-muelle-compresion-m01le6298.html"
}

@online{ bisagra,
    key = "Bisagra",
    title = "Imagen de una bisagra.",
    url = "https://www.ferreteriabolibar.com/bisagra-in05646-jnf-bo5646im12-b9d3/"
}

@online{ joystick,
    key = "Joystick",
    title = "Imagen de un joystick.",
    url = "https://www.ldlc.com/es-es/ficha/PB00534941.html"
}